@online{traza1,
  author = {EIT food},
  title = {How can digital traceability increase trust in the agrifood industry?},
  year = 2021,
  url = {https://www.eitfood.eu/blog/post/how-can-digital-traceability-increase-trust-in-the-agrifood-industry},
  urldate = {2022-02-05}
}

@online{traza2,
  author = {World Economic Forum},
  title = {5 ways traceability technologies can lead to a safer, more sustainable world},
  year = 2019,
  url = {https://www.weforum.org/agenda/2019/09/5-ways-traceability-technology-can-lead-to-a-safer-more-sustainable-world/?_ga=2.7060466.1778858415.1644109433-1369299482.1644109433},
  urldate = {2022-02-05}
}

@book{blockchain1,
  title     = "e-Agriculture in action: Blockchain for agriculture",
  author    = "Gerard Sylvester",
  year      = 2019,
  publisher = "Food and Agriculture Organization of the United Nations (FAO), or of the International Telecommunication Union (ITU)",
  url      = "https://www.fao.org/3/CA2906EN/ca2906en.pdf?_ga=2.206430035.1778858415.1644109433-1369299482.1644109433"
}

@online{agro1,
  author = {University of Kent},
  title = {New research sheds light on the reluctance of farmers to adopt new technologies},
  year = 2019,
  url = {www.sciencedaily.com/releases/2020/10/201002141915.htm},
  urldate = {2022-02-05}
}




@article{stoica2001chord,
  title={Chord: A scalable peer-to-peer lookup service for internet applications},
  author={Stoica, Ion and Morris, Robert and Karger, David and Kaashoek, M Frans and Balakrishnan, Hari},
  journal={ACM SIGCOMM Computer Communication Review},
  volume={31},
  number={4},
  pages={149--160},
  year={2001},
  publisher={ACM}
}